@article{berry2013loyalty,
 URL = {http://www.colloquy.com/files/2013-COLLOQUY-Census-Talk-White-Paper.pdf},
 author = {Jeff Berry},
 journal = {COLLOQUY Industry Report},
 title = {The 2013 COLLOQUY Loyalty Census},
 year = {2013}
}

@article{10.2307/1426216,
 ISSN = {00018678},
 URL = {http://www.jstor.org/stable/1426216},
 author = {Erhan Cinlar},
 journal = {Advances in Applied Probability},
 number = {2},
 pages = {123-187},
 publisher = {Applied Probability Trust},
 title = {Markov Renewal Theory},
 volume = {1},
 year = {1969}
}

@article{kivetz2006goal,
  title={The goal-gradient hypothesis resurrected: Purchase acceleration, illusionary goal progress, and customer retention},
  author={Kivetz, Ran and Urminsky, Oleg and Zheng, Yuhuang},
  journal={Journal of Marketing Research},
  volume={43},
  number={1},
  pages={39--58},
  year={2006},
  publisher={American Marketing Association}
}

@article{hull1932goal,
  title={The goal-gradient hypothesis and maze learning.},
  author={Hull, Clark L},
  journal={Psychological Review},
  volume={39},
  number={1},
  pages={25},
  year={1932},
  publisher={Psychological Review Company}
}

@article{dreze2004using,
  title={Using combined-currency prices to lower consumersâ€™ perceived cost},
  author={Dreze, Xavier and Nunes, Joseph C},
  journal={Journal of Marketing Research},
  volume={41},
  number={1},
  pages={59--72},
  year={2004},
  publisher={American Marketing Association}
}

@article{stourm2015stockpiling,
  title={Stockpiling Points in Linear Loyalty Programs},
  author={Stourm, Valeria and Bradlow, Eric T and Fader, Peter S},
  journal={Journal of Marketing Research},
  volume={52},
  number={2},
  pages={253--267},
  year={2015},
  publisher={American Marketing Association}
}

@article{gao2014influence,
  title={The Influence of Initial Possession Level on Consumers' Adoption of a Collection Goal: A Tipping Point Effect},
  author={Gao, Leilei and Huang, Yanliu and Simonson, Itamar},
  journal={Journal of Marketing},
  volume={78},
  number={6},
  pages={143--156},
  year={2014},
  publisher={American Marketing Association}
}

@article{villas2015short,
  title={A short survey on switching costs and dynamic competition},
  author={Villas-Boas, J Miguel},
  journal={International Journal of Research in Marketing},
  volume={32},
  number={2},
  pages={219--222},
  year={2015},
  publisher={Elsevier}
}

@article{hartmann2008frequency,
  title={Do frequency reward programs create switching costs? A dynamic structural analysis of demand in a reward program},
  author={Hartmann, Wesley R and Viard, V Brian},
  journal={Quantitative Marketing and Economics},
  volume={6},
  number={2},
  pages={109--137},
  year={2008},
  publisher={Springer}
}

@article{kopalle2001economic,
  title={ The Economic Viability of Frequency Reward Programs in a Strategic Competitive Environment},
  author={Kopalle, Praveen K. and Neslin, Scott},
  journal={Tuck School of Business at Dartmouth Working Paper No. 01-02. Available at SSRN: https://ssrn.com/abstract=265431 or http://dx.doi.org/10.2139/ssrn.265431},
  volume={},
  number={},
  pages={},
  year={2001},
  publisher={}
}

@article{fader1993excess,
  title={Excess behavioral loyalty for high-share brands: Deviations from the Dirichlet model for repeat purchasing},
  author={Fader, Peter S and Schmittlein, David C},
  journal={Journal of Marketing research},
  pages={478--493},
  year={1993},
  publisher={JSTOR}
}

@article{sharp1997loyalty,
  title={Loyalty programs and their impact on repeat-purchase loyalty patterns},
  author={Sharp, Byron and Sharp, Anne},
  journal={International journal of Research in Marketing},
  volume={14},
  number={5},
  pages={473--486},
  year={1997},
  publisher={Elsevier}
}

@article{liu2007long,
  title={The long-term impact of loyalty programs on consumer purchase behavior and loyalty},
  author={Liu, Yuping},
  journal={Journal of Marketing},
  volume={71},
  number={4},
  pages={19--35},
  year={2007},
  publisher={American Marketing Association}
}

@article{lewis2004influence,
  title={The influence of loyalty programs and short-term promotions on customer retention},
  author={Lewis, Michael},
  journal={Journal of marketing research},
  volume={41},
  number={3},
  pages={281--292},
  year={2004},
  publisher={American Marketing Association}
}

@article{klemperer1995competition,
  title={Competition when consumers have switching costs: An overview with applications to industrial organization, macroeconomics, and international trade},
  author={Klemperer, Paul},
  journal={The review of economic studies},
  volume={62},
  number={4},
  pages={515--539},
  year={1995},
  publisher={Oxford University Press}
}

@article{yilmaz2016upgrade,
  title={Would You Like to Upgrade to a Premium Room? Evaluating the Benefit of Offering Standby Upgrades (July 11, 2016)},
  author={Yilmaz, Ovunc and Pekgun, Pelin and Ferguson, Mark},
  journal={Manufacturing Service Operations Management Forthcoming},
  year={2016},
  publisher={Available at SSRN: https://ssrn.com/abstract=2808080}
}

@article{ryu2007penny,
  title={A penny for your thoughts: Referral reward programs and referral likelihood},
  author={Ryu, Gangseog and Feick, Lawrence},
  journal={Journal of Marketing},
  volume={71},
  number={1},
  pages={84--94},
  year={2007},
  publisher={American Marketing Association}
}

@online{cvs2015target,
  author = {Brooks, Sarah},
  title = {{CVS} to Target: 21 best loyalty rewards programs},
  year = 2015,
  url = {http://www.reviewjournal.com/business/money/cvs-target-21-best-loyalty-rewards-programs},
  urldate = {2015-05-25}
}



